@article{Tuckman1965,
  author = {Bruce W. Tuckman},
  title = {Developmental sequence in small groups},
  journal = {Psychological Bulletin},
  year = {1965},
  volume = {63},
  number = {6},
  pages = {384–399},
}

@article{Deci2001,
  author = {Edward L. Deci and Richard Koestner and Richard M. Ryan},
  title = {Extrinsic rewards and intrinsic motivation in education: Reconsidered once again},
  journal = {Review of Educational Research},
  year = {2001},
  volume = {71},
  number = {1},
  pages = {1–27},
}

@book{Hackman2002,
  author = {J. Richard Hackman},
  title = {Leading Teams: Setting the Stage for Great Performances},
  year = {2002},
  publisher = {Harvard Business Press},
}

@book{Katzenbach1993,
  author = {Jon R. Katzenbach and Douglas K. Smith},
  title = {The Wisdom of Teams: Creating the High-Performance Organization},
  year = {1993},
  publisher = {Harvard Business Review Press},
}

@book{Amabile2011,
  author = {Teresa M. Amabile and Steven J. Kramer},
  title = {The Progress Principle: Using Small Wins to Ignite Joy, Engagement, and Creativity at Work},
  year = {2011},
  publisher = {Harvard Business Press},
}

@book{Cox1994,
  author = {Taylor Cox},
  title = {Cultural diversity in organizations: Theory, research, and practice},
  year = {1994},
  publisher = {Berrett-Koehler},
}

@article{Kotter1996,
  author = {John P. Kotter},
  title = {Leading change},
  journal = {Harvard Business Review},
  year = {1996},
  volume = {74},
  number = {2},
  pages = {96–103},
}

@article{Scott1994,
  author = {Susan G. Scott and R. Bruce},
  title = {Determinants of innovative behavior: A path model of individual innovation in the workplace},
  journal = {Academy of Management Journal},
  year = {1994},
  volume = {37},
  number = {3},
  pages = {580–607},
}

@book{Noe2010,
  author = {Raymond A. Noe},
  title = {Employee Training and Development},
  year = {2010},
  publisher = {McGraw-Hill Education},
}
